<?xml version="1.0"?>
<Document xmlns="urn:iso:std:iso:20022:tech:xsd:pain.001.001.03" xmlns:xsi="http://www.w3.org/2001/XMLSchema-instance">
	<CstmrCdtTrfInitn>
		<GrpHdr>
			<MsgId>B202200001</MsgId>
			<CreDtTm>2022-10-01T11:46:54</CreDtTm>
			<NbOfTxs>2</NbOfTxs>
			<CtrlSum>550.00</CtrlSum>
			<InitgPty>
				<Nm>DEMO COMPANY NAME</Nm>
			</InitgPty>
		</GrpHdr>
		<PmtInf>
			<PmtInfId>B202200001-1</PmtInfId>
			<PmtMtd>TRF</PmtMtd>
			<BtchBookg>true</BtchBookg>
			<NbOfTxs>2</NbOfTxs>
			<CtrlSum>300.00</CtrlSum>
			<PmtTpInf>
				<SvcLvl>
					<Cd>SEPA</Cd>
				</SvcLvl>
			</PmtTpInf>
			<ReqdExctnDt>2022-10-01</ReqdExctnDt>
			<Dbtr>
				<Nm>DEMO COMPANY NAME</Nm>
				<PstlAdr>
					<StrtNm>Payer Address Line 1, Payer Address Line 2</StrtNm>
					<PstCd>Payer ZIP</PstCd>
					<TwnNm>Payer City</TwnNm>
					<Ctry>GB</Ctry>
				</PstlAdr>
			</Dbtr>
			<DbtrAcct>
				<Id>
					<IBAN>GB00XXXX00000000000000</IBAN>
				</Id>
				<Ccy>EUR</Ccy>
			</DbtrAcct>
			<DbtrAgt>
				<FinInstnId>
					<BIC>XXXXGBXXXXX</BIC>
					<PstlAdr>
						<StrtNm>Payer Bank Address 1, Payer Bank Address 1</StrtNm>
						<PstCd>Payer Bank ZIP</PstCd>
						<TwnNm>Payer Bank City</TwnNm>
						<Ctry>GB</Ctry>
					</PstlAdr>
				</FinInstnId>
			</DbtrAgt>
			<CdtTrfTxInf>
				<PmtId>
					<InstrId>102200000001</InstrId>
					<EndToEndId>102200000001</EndToEndId>
				</PmtId>
				<Amt>
					<InstdAmt Ccy="EUR">300.00</InstdAmt>
				</Amt>
				<CdtrAgt>
					<FinInstnId>
						<BIC>PAYEEBICSWI</BIC>
					</FinInstnId>
				</CdtrAgt>
				<Cdtr>
					<Nm>PAYEE PMT 1 BANK ACCT NAME</Nm>
					<PstlAdr>
						<StrtNm>Payee Pmt 1 Address 1, </StrtNm>
						<PstCd>Payee Pmt 1 ZIP</PstCd>
						<TwnNm>Payee Pmt 1 City</TwnNm>
						<Ctry>PT</Ctry>
					</PstlAdr>
				</Cdtr>
				<CdtrAcct>
					<Id>
						<IBAN>PT50111111111111111111111</IBAN>
					</Id>
				</CdtrAcct>
				<RmtInf>
					<Ustrd>22/100024;100.00;100.00;Payment for Goods and Services|</Ustrd>
					<Ustrd>22/100025;200.00;200.00;Payment for Goods and Services|</Ustrd>
					<Strd>
						<RfrdDocInf>
							<Tp>
								<CdOrPrtry>
									<Cd>CINV</Cd>
								</CdOrPrtry>
							</Tp>
						</RfrdDocInf>
						<RfrdDocAmt>
							<RmtdAmt Ccy="EUR">100.00</RmtdAmt>
						</RfrdDocAmt>
						<CdtrRefInf>
							<Tp>
								<CdOrPrtry>
									<Cd>SCOR</Cd>
								</CdOrPrtry>
							</Tp>
							<Ref>22/100024</Ref>
						</CdtrRefInf>
					</Strd>
					<Strd>
						<RfrdDocInf>
							<Tp>
								<CdOrPrtry>
									<Cd>CINV</Cd>
								</CdOrPrtry>
							</Tp>
						</RfrdDocInf>
						<RfrdDocAmt>
							<RmtdAmt Ccy="EUR">200.00</RmtdAmt>
						</RfrdDocAmt>
						<CdtrRefInf>
							<Tp>
								<CdOrPrtry>
									<Cd>SCOR</Cd>
								</CdOrPrtry>
							</Tp>
							<Ref>22/100025</Ref>
						</CdtrRefInf>
					</Strd>
				</RmtInf>
			</CdtTrfTxInf>
			<CdtTrfTxInf>
				<PmtId>
					<InstrId>102200000002</InstrId>
					<EndToEndId>102200000002</EndToEndId>
				</PmtId>
				<Amt>
					<InstdAmt Ccy="EUR">250.00</InstdAmt>
				</Amt>
				<CdtrAgt>
					<FinInstnId>
						<BIC>PAYEEBICSWI</BIC>
					</FinInstnId>
				</CdtrAgt>
				<Cdtr>
					<Nm>PAYEE PMT 2 BANK ACCT NAME</Nm>
					<PstlAdr>
						<StrtNm>Payee Pmt 2 Address 1</StrtNm>
						<PstCd>Payee Pmt 2 ZIP</PstCd>
						<TwnNm>Payee Pmt 2 City</TwnNm>
						<Ctry>PT</Ctry>
					</PstlAdr>
				</Cdtr>
				<CdtrAcct>
					<Id>
						<IBAN>PT50222222222222222222222</IBAN>
					</Id>
				</CdtrAcct>
				<RmtInf>
					<Ustrd>22/100026;300;24.00;Payment for Goods and Services|</Ustrd>
					<Ustrd>22/100027;-50;-50;Payment for Goods and Services|</Ustrd>
					<Strd>
						<RfrdDocInf>
							<Tp>
								<CdOrPrtry>
									<Cd>CINV</Cd>
								</CdOrPrtry>
							</Tp>
						</RfrdDocInf>
						<RfrdDocAmt>
							<RmtdAmt Ccy="EUR">300.00</RmtdAmt>
						</RfrdDocAmt>
						<CdtrRefInf>
							<Tp>
								<CdOrPrtry>
									<Cd>SCOR</Cd>
								</CdOrPrtry>
							</Tp>
							<Ref>22/100026</Ref>
						</CdtrRefInf>
					</Strd>
					<Strd>
						<RfrdDocInf>
							<Tp>
								<CdOrPrtry>
									<Cd>CREN</Cd>
								</CdOrPrtry>
							</Tp>
						</RfrdDocInf>
						<RfrdDocAmt>
							<CdtNoteAmt Ccy="EUR">50.00</CdtNoteAmt>
						</RfrdDocAmt>
						<CdtrRefInf>
							<Tp>
								<CdOrPrtry>
									<Cd>SCOR</Cd>
								</CdOrPrtry>
							</Tp>
							<Ref>22/100027</Ref>
						</CdtrRefInf>
					</Strd>
				</RmtInf>
			</CdtTrfTxInf>
		</PmtInf>
	</CstmrCdtTrfInitn>
</Document>